%  a sample bibliography file
%  

@article{howe2009finding,
  title={Finding words in alphabet soup: Inference on freeform character recognition for historical scripts},
  author={Howe, Nicholas R and Feng, Shaolei and Manmatha, R},
  journal={Pattern Recognition},
  volume={42},
  number={12},
  pages={3338--3347},
  year={2009},
  publisher={Elsevier}
}

@article{frinken2012novel,
  title={A novel word spotting method based on recurrent neural networks},
  author={Frinken, Volkmar and Fischer, Andreas and Manmatha, R and Bunke, Horst},
  journal={IEEE transactions on pattern analysis and machine intelligence},
  volume={34},
  number={2},
  pages={211--224},
  year={2012},
  publisher={IEEE}
}

@inproceedings{wang2012end,
  title={End-to-end text recognition with convolutional neural networks},
  author={Wang, Tao and Wu, David J and Coates, Adam and Ng, Andrew Y},
  booktitle={Pattern Recognition (ICPR), 2012 21st International Conference on},
  pages={3304--3308},
  year={2012},
  organization={IEEE}
}

@inproceedings{fischer2013fast,
  title={A fast matching algorithm for graph-based handwriting recognition},
  author={Fischer, Andreas and Suen, Ching Y and Frinken, Volkmar and Riesen, Kaspar and Bunke, Horst},
  booktitle={International Workshop on Graph-Based Representations in Pattern Recognition},
  pages={194--203},
  year={2013},
  organization={Springer}
}

@article{acharyya2013handwritten,
  title={Handwritten word recognition using mlp based classifier: A holistic approach},
  author={Acharyya, Ankush and Rakshit, Sandip and Sarkar, Ram and Basu, Subhadip and Nasipuri, Mita},
  journal={International Journal of Computer Science Issues},
  volume={10},
  number={2},
  pages={422--427},
  year={2013}
}

@inproceedings{bluche2013feature,
  title={Feature extraction with convolutional neural networks for handwritten word recognition},
  author={Bluche, Th{\'e}odore and Ney, Hermann and Kermorvant, Christopher},
  booktitle={Document Analysis and Recognition (ICDAR), 2013 12th International Conference on},
  pages={285--289},
  year={2013},
  organization={IEEE}
}

@inproceedings{fischer2014combined,
  title={A combined system for text line extraction and handwriting recognition in historical documents},
  author={Fischer, Andreas and Baechler, Micheal and Garz, Angelika and Liwicki, Marcus and Ingold, Rolf},
  booktitle={Document Analysis Systems (DAS), 2014 11th IAPR International Workshop on},
  pages={71--75},
  year={2014},
  organization={IEEE}
}

@article{rusinol2015efficient,
  title={Efficient segmentation-free keyword spotting in historical document collections},
  author={Rusi{\~n}ol, Mar{\c{c}}al and Aldavert, David and Toledo, Ricardo and Llad{\'o}s, Josep},
  journal={Pattern Recognition},
  volume={48},
  number={2},
  pages={545--555},
  year={2015},
  publisher={Elsevier}
}

@inproceedings{sharma2015adapting,
  title={Adapting off-the-shelf cnns for word spotting \& recognition},
  author={Sharma, Arjun and others},
  booktitle={Document Analysis and Recognition (ICDAR), 2015 13th International Conference on},
  pages={986--990},
  year={2015},
  organization={IEEE}
}


@inproceedings{messina2015segmentation,
  title={Segmentation-free handwritten Chinese text recognition with LSTM-RNN},
  author={Messina, Ronaldo and Louradour, J{\'e}r{\^o}me},
  booktitle={Document Analysis and Recognition (ICDAR), 2015 13th International Conference on},
  pages={171--175},
  year={2015},
  organization={IEEE}
}

@inproceedings{suryani2016benefits,
  title={On the Benefits of Convolutional Neural Network Combinations in Offline Handwriting Recognition},
  author={Suryani, Dewi and Doetsch, Patrick and Ney, Hermann},
  booktitle={Frontiers in Handwriting Recognition (ICFHR), 2016 15th International Conference on},
  pages={193--198},
  year={2016},
  organization={IEEE}
}

@article{jaderberg2016reading,
  title={Reading text in the wild with convolutional neural networks},
  author={Jaderberg, Max and Simonyan, Karen and Vedaldi, Andrea and Zisserman, Andrew},
  journal={International Journal of Computer Vision},
  volume={116},
  number={1},
  pages={1--20},
  year={2016},
  publisher={Springer}
}

@inproceedings{sudholt2016phocnet,
  title={PHOCNet: A deep convolutional neural network for word spotting in handwritten documents},
  author={Sudholt, Sebastian and Fink, Gernot A},
  booktitle={Frontiers in Handwriting Recognition (ICFHR), 2016 15th International Conference on},
  pages={277--282},
  year={2016},
  organization={IEEE}
}

@inproceedings{zhong2016spottingnet,
  title={SpottingNet: Learning the Similarity of Word Images with Convolutional Neural Network for Word Spotting in Handwritten Historical Documents},
  author={Zhong, Zhuoyao and Pan, Weishen and Jin, Lianwen and Mouch{\`e}re, Harold and Viard-Gaudin, Christian},
  booktitle={Frontiers in Handwriting Recognition (ICFHR), 2016 15th International Conference on},
  pages={295--300},
  year={2016},
  organization={IEEE}
}

@article{giotis2017survey,
  title={A survey of document image word spotting techniques},
  author={Giotis, Angelos P and Sfikas, Giorgos and Gatos, Basilis and Nikou, Christophoros},
  journal={Pattern Recognition},
  volume={68},
  pages={310--332},
  year={2017},
  publisher={Elsevier}
}


@article{ahmed2017survey,
  title={A survey on handwritten documents word spotting},
  author={Ahmed, Rashad and Al-Khatib, Wasfi G and Mahmoud, Sabri},
  journal={International Journal of Multimedia Information Retrieval},
  volume={6},
  number={1},
  pages={31--47},
  year={2017},
  publisher={Springer}
}
%  The authors mentioned here are almost, but not quite,
%  entirely unrelated to Matt Groening.
